<?xml version="1.0" encoding="UTF-8"?><record xmlns="http://www.loc.gov/MARC21/slim" xmlns:cinclude="http://apache.org/cocoon/include/1.0" xmlns:zs="http://www.loc.gov/zing/srw/">
  <leader>00419nz  a2200121n  4500</leader>
  <controlfield tag="001">n 2012042854</controlfield>
  <controlfield tag="003">DLC</controlfield>
  <controlfield tag="005">20120702130408.0</controlfield>
  <controlfield tag="008">120629n| acannaabn          |n aaa      </controlfield>
  <datafield tag="010" ind1=" " ind2=" ">
    <subfield code="a">n 2012042854</subfield>
  </datafield>
  <datafield tag="040" ind1=" " ind2=" ">
    <subfield code="a">DLC</subfield>
    <subfield code="b">eng</subfield>
    <subfield code="c">DLC</subfield>
  </datafield>
  <datafield tag="100" ind1="1" ind2=" ">
    <subfield code="a">Stevens, Peter,</subfield>
    <subfield code="d">1919-1979</subfield>
  </datafield>
  <datafield tag="670" ind1=" " ind2=" ">
    <subfield code="a">Escape, evasion, and revenge, 2011:</subfield>
    <subfield code="b">p. 4 of cover (Peter Stevens (1919-1979) was a German-Jewish teenage refugee who escaped Nazi persecution in 1933)</subfield>
  </datafield>
</record>